<collection xmlns="http://www.loc.gov/MARC21/slim">
<record>
  <leader>01511nam0a22002771i 450 </leader>
  <controlfield tag="001">IT\ICCU\CNCE\066758</controlfield>
  <controlfield tag="005">20060922000000.0</controlfield>
  <datafield tag="012" ind1=" " ind2=" ">
    <subfield code="a">tee. m.um t.e- ussp (3) 1587 (R)</subfield>
    <subfield code="2">fei</subfield>
  </datafield>
  <datafield tag="100" ind1=" " ind2=" ">
    <subfield code="a">20060907d1587        0itac0103    ba</subfield>
  </datafield>
  <datafield tag="101" ind1=" " ind2=" ">
    <subfield code="a">LAT</subfield>
  </datafield>
  <datafield tag="102" ind1=" " ind2=" ">
    <subfield code="a">IT</subfield>
  </datafield>
  <datafield tag="200" ind1="1" ind2=" ">
    <subfield code="a">Quintus Ioan. Petraloysii Praenestini mottettorum quinque vocibus liber quartus, ex canticis Salomonis. Nunc denuo in lucem aeditus</subfield>
  </datafield>
  <datafield tag="210" ind1=" " ind2=" ">
    <subfield code="a">Venetijs</subfield>
    <subfield code="c">apud Angelum Gardanum</subfield>
    <subfield code="d">1587</subfield>
  </datafield>
  <datafield tag="215" ind1=" " ind2=" ">
    <subfield code="a">\2!, 29, \1! p.</subfield>
    <subfield code="c">partitura</subfield>
    <subfield code="d">4℗ð</subfield>
  </datafield>
  <datafield tag="300" ind1=" " ind2=" ">
    <subfield code="a">ANNULLATA. FASCICOLO DI CNCE 44772.Marca n.c. (simile a Z 801, senza monogramma) sul front. -  Segn: R-V́þ. -  Iniziali xil. - Sul front. simile a Z 801, senza monogramma IT\ICCU\SBNM\000001</subfield>
  </datafield>
  <datafield tag="620" ind1=" " ind2=" ">
    <subfield code="a">IT</subfield>
    <subfield code="d">Venezia</subfield>
  </datafield>
  <datafield tag="700" ind1=" " ind2="1">
    <subfield code="a">Palestrina,</subfield>
    <subfield code="b">Giovanni Pierluigi : da</subfield>
    <subfield code="3">IT\ICCU\CNCA\011746</subfield>
  </datafield>
  <datafield tag="712" ind1="0" ind2="0">
    <subfield code="a">Gardane, Angelo</subfield>
    <subfield code="3">IT\ICCU\CNCT\001443</subfield>
    <subfield code="4">650</subfield>
  </datafield>
  <datafield tag="790" ind1=" " ind2="1">
    <subfield code="a">Praenestinus,</subfield>
    <subfield code="b">Ioannes Petrus Aloysius</subfield>
    <subfield code="3">IT\ICCU\CNCA\021937</subfield>
    <subfield code="z">Palestrina, Giovanni Pierluigi : da</subfield>
  </datafield>
  <datafield tag="790" ind1=" " ind2="0">
    <subfield code="a">Giannetto</subfield>
    <subfield code="3">IT\ICCU\CNCA\021938</subfield>
    <subfield code="z">Palestrina, Giovanni Pierluigi : da</subfield>
  </datafield>
  <datafield tag="790" ind1=" " ind2="1">
    <subfield code="a">Praenestinus,</subfield>
    <subfield code="b">Ioannes Petraloysius</subfield>
    <subfield code="3">IT\ICCU\CNCA\021939</subfield>
    <subfield code="z">Palestrina, Giovanni Pierluigi : da</subfield>
  </datafield>
  <datafield tag="790" ind1=" " ind2="1">
    <subfield code="a">Praenestinus,</subfield>
    <subfield code="b">Joannes Petrus Aloysius</subfield>
    <subfield code="3">IT\ICCU\CNCA\021940</subfield>
    <subfield code="z">Palestrina, Giovanni Pierluigi : da</subfield>
  </datafield>
  <datafield tag="791" ind1="0" ind2="0">
    <subfield code="a">Gardanus, Angelus</subfield>
    <subfield code="3">IT\ICCU\CNCT\004834</subfield>
    <subfield code="z">Gardane, Angelo</subfield>
  </datafield>
  <datafield tag="791" ind1="0" ind2="0">
    <subfield code="a">Gardano, Angelo</subfield>
    <subfield code="3">IT\ICCU\CNCT\004835</subfield>
    <subfield code="z">Gardane, Angelo</subfield>
  </datafield>
  <datafield tag="801" ind1=" " ind2="3">
    <subfield code="a">IT</subfield>
    <subfield code="b">ICCU</subfield>
    <subfield code="c">20201115</subfield>
  </datafield>
  <datafield tag="899" ind1=" " ind2=" ">
    <subfield code="a">Biblioteca Vallicelliana. Roma</subfield>
    <subfield code="1">RM0281</subfield>
    <subfield code="2">RML 08</subfield>
  </datafield>
</record>
</collection>
